1866 3036
108 524 311 603 Eorum,
341 558 411 607 qui
443 557 484 595 in
519 554 745 606 majoribus
778 556 1021 594 insectorum
1039 555 1337 595 collectionibus
1363 555 1559 594 ordinan-

108 624 169 662 dis
199 628 319 673 atque.
348 620 641 660 constituendis
670 621 821 665 versati
844 626 958 666 sunt,
989 633 1103 660 nemo
1129 627 1183 660 est
1205 621 1308 670 fere,
1339 622 1438 671 quin
1462 622 1563 659 satis

107 699 302 739 superque
332 686 539 731 didicerit,
570 698 650 737 quo
682 685 816 724 labore
839 692 1069 737 quantaque
1100 687 1291 737 temporis
1306 685 1481 736 jactura
1505 698 1563 730 ea,

107 765 195 804 quoe
225 765 249 791 a
280 752 449 791 diversis
479 750 717 791 auctoribus
739 749 833 801 jam
872 751 1072 803 descripta
1109 753 1210 797 sint,
1258 753 1298 790 in
1330 763 1483 802 mayna
1514 751 1564 789 li-

107 819 274 858 brorum
317 817 580 856 multitudine
626 821 880 867 quoercmtmn
939 817 1164 866 Quocirca,
1208 815 1406 867 quidquid
1436 827 1566 866 operte

106 876 364 922 eonsumitur
392 882 436 920 in
467 881 776 931 monoqraphiis
799 893 967 932 qrequm
1000 881 1261 932 sinqfflorum
1285 881 1565 931 conficiendis,

106 948 148 987 id
173 948 349 998 fortasse
379 946 566 986 Seientia’
600 945 695 997 plus
727 945 915 996 prodesse
955 947 1223 992 eoeistimetu'r,
1254 957 1379 997 quam
1409 946 1443 984 si
1473 946 1563 996 quis

57 1044 60 1046 -
103 1014 242 1064 plures
271 1011 469 1052 describat
506 1011 651 1062 species
694 1011 906 1050 variorum
950 1023 1142 1062 qenerum
1188 1024 1236 1049 ae
1276 1011 1565 1061 familiarum,

107 1078 337 1129 proesertim
353 1076 388 1115 si
411 1076 561 1115 harum
585 1076 677 1115 aliae
700 1089 753 1115 ex
776 1077 871 1115 aliis
896 1082 1015 1116 terrae
1026 1076 1220 1128 partibus
1236 1076 1455 1127 desumptce
1472 1076 1564 1114 sint,

217 1143 268 1183 Ut
297 1154 372 1194 pro
394 1142 548 1183 viribus
578 1142 737 1193 aliquid
763 1143 971 1193 conferam
991 1143 1044 1181 ad
1060 1141 1380 1193 cognoscendum
1398 1146 1433 1179 et
1458 1140 1565 1190 diqe-

106 1208 276 1248 rendum
300 1219 459 1259 qreqem
485 1208 619 1247 adhuc
643 1218 795 1259 parum
820 1208 1065 1254 lustratum,
1089 1208 1436 1259 Coleopterorum,
1461 1206 1568 1245 hune

106 1273 215 1313 edidi
243 1273 442 1319 libellum,
472 1285 643 1324 sperans
670 1272 781 1323 sore,
820 1279 884 1318 ut,
922 1287 1010 1325 quie
1040 1275 1083 1314 in
1114 1274 1186 1313 illo
1216 1272 1569 1324 deprehendantur

107 1340 244 1379 minus
272 1344 550 1390 pertractata,
594 1339 797 1378 mitiorem
835 1339 878 1377 in
913 1345 1073 1390 partem
1111 1339 1374 1390 accipiantur
1402 1344 1568 1389 propter

108 1403 380 1456 difficultate3‚
411 1416 514 1455 quas
543 1416 645 1455 opus
675 1402 914 1454 hujusmodi
943 1405 1060 1444 habet
1087 1405 1306 1455 plurimas.

216 1469 398 1508 LINNAEUS
430 1481 481 1508 εκ
510 1480 652 1520 yenere
676 1469 942 1510 Cassidarum
966 1470 1110 1521 species
1131 1470 1307 1520 triqinta
1332 1474 1479 1520 septem
1502 1468 1566 1507 de-

106 1535 271 1585 scripsit
300 1534 345 1573 in
375 1533 547 1573 editione
584 1533 822 1573 duodecima
859 1534 1100 1583 Systematis
1135 1536 1328 1581 Naturce,
1360 1535 1567 1573 FAancffls

106 1611 158 1638 ea·
186 1610 328 1649 qenere
358 1598 649 1638 Imatidiorum
687 1599 832 1648 species
868 1600 1063 1651 quinque,
1102 1613 1152 1638 ex
1184 1600 1450 1639 Cassidarum
1479 1611 1567 1638 cen-

109 1668 198 1702 tum
228 1668 264 1701 et
293 1663 550 1714 undeviyinti
574 1664 617 1702 in
648 1663 870 1713 Systemate
901 1664 1279 1711 Eleutheratorum,
1311 1677 1422 1704 anno
1453 1664 1567 1704 1801.

107 1728 376 1768 SenoENflERR
411 1729 456 1768 in
493 1729 746 1779 Synonymia
784 1728 1058 1776 Insectorum,
1105 1742 1215 1769 anno
1253 1731 1382 1779 1808,
1420 1730 1566 1781 speeies

106 1799 266 1833 eentum
296 1800 332 1833 et
361 1795 597 1845 septuqinta
627 1795 750 1839 duas,
781 1794 858 1833 leue
877 1796 1123 1845 pertinentes
1150 1802 1373 1836 enumerat.
1420 1797 1565 1834 Recen-

105 1858 277 1898 tioribus
306 1860 554 1909 temporibus
582 1865 679 1899 sunt
708 1859 867 1909 quidem
897 1861 939 1899 in
970 1862 1101 1900 variis
1130 1862 1242 1900 Actis
1266 1868 1301 1900 et
1339 1862 1565 1913 Ephemeri-

106 1923 222 1963 dibus
264 1930 470 1963 enarratoe
506 1925 747 1970 Cassididce,
784 1925 850 1964 sed
894 1937 1090 1965 numerus
1121 1938 1263 1966 earum
1294 1939 1420 1978 quum
1452 1926 1564 1965 haud

107 1999 283 2039 maqnus
312 1989 385 2035 sit,
415 2001 503 2028 vere
533 1990 624 2029 licet
654 1990 802 2035 dicere,
834 1991 942 2030 leuno
963 1992 1210 2031 insectorum
1236 2004 1395 2043 yre9em
1416 1993 1562 2044 prooei-

110 2054 185 2094 mis
214 2054 416 2094 decenniis
444 2068 521 2094 esse
547 2067 637 2106 pree
667 2057 804 2095 ceteris
834 2057 1069 2107 neylectum.

217 2120 336 2158 Anno
366 2120 471 2160 1845
501 2121 602 2160 mihi
628 2133 790 2172 pereqre
819 2122 999 2171 profecto
1028 2129 1152 2173 qrata
1175 2124 1312 2162 obtata
1337 2128 1391 2162 est
1408 2124 1566 2162 occasio

108 2184 251 2224 Musea
280 2185 436 2224 visendi
463 2186 794 2236 opulentissima,
824 2199 912 2237 quoe
942 2188 1147 2233 Rei-otini,
1191 2189 1448 2234 Vindobonee,
1481 2190 1564 2227 Pa—

108 2248 239 2293 risiis,
277 2249 491 2296 Monaehi,
530 2251 707 2296 Kilonii,
747 2252 915 2302 Hasnioe
939 2253 1101 2302 florent.
1160 2255 1303 2305 Itaque
1332 2254 1565 2293 animalcu-

107 2314 264 2359 lorum,
295 2325 471 2364 quorum
494 2313 589 2364 jam
606 2316 788 2365 facimus
819 2317 1077 2363 mentionem,
1108 2331 1191 2357 non
1222 2320 1338 2358 modo
1367 2322 1565 2371 coynitio-

109 2390 197 2417 nem
219 2378 425 2429 adquisivi
448 2380 730 2429 copiosiorem,
760 2383 827 2421 sed
843 2384 966 2422 etiam
989 2383 1204 2433 complura
1227 2396 1366 2424 coram
1389 2386 1566 2437 inspexi,

107 2454 196 2493 quoe
224 2443 317 2493 ipsa
353 2444 403 2482 ab
433 2444 528 2483 aliis
550 2443 645 2495 jam
676 2453 769 2486 ante
797 2448 1000 2499 descripta
1030 2455 1138 2488 sunt.
1195 2450 1285 2499 Quo
1318 2452 1478 2501 factum
1509 2456 1564 2489 est

110 2513 153 2546 ut
177 2510 461 2559 synonymiam
485 2510 643 2549 tradere
667 2512 768 2550 satis
788 2514 1059 2563 explanatam
1084 2526 1143 2554 me
1161 2528 1279 2566 posse
1305 2516 1565 2567 speraverim

218 2573 356 2622 Quum
388 2576 591 2619 omnihus,
624 2582 817 2627 quotquot
858 2578 1152 2629 Entomoloqioe
1182 2593 1348 2632 operam
1386 2587 1563 2623 navant,

113 2638 310 2677 eximium
343 2639 446 2679 illud
476 2654 597 2692 opus,
634 2641 741 2692 quod
770 2643 933 2692 scripsit
974 2643 1230 2685 LAconnMuE
1269 2646 1565 2696 ''Monographio

114 2702 180 2740 des
224 2702 467 2754 C01001)tc÷res
510 2707 803 2756 subpentamorc
848 2708 893 2745 de
932 2709 963 2746 la
1002 2709 1141 2748 famine
1179 2712 1244 2750 dos
1275 2711 1563 2763 Phytophagoff

120 2766 293 2808 Parisiis
323 2770 446 2815 1845,
494 2783 572 2809 non
609 2772 731 2821 possit
765 2784 843 2810 non
876 2786 951 2812 esse
982 2775 1025 2812 in
1057 2776 1261 2817 mamlius.
1299 2788 1554 2827 nnumquem
